@article{Zambrano2016,
    title = {{Autophagy and Apoptotic Crosstalk: Mechanism of Therapeutic Resistance in HER2-Positive Breast Cancer}},
    year = {2016},
    author = {Zambrano, Joelle and Yeh, Elizabeth S},
    url = {https://www.ncbi.nlm.nih.gov/pmc/articles/PMC4790584/pdf/bcbcr-10-2016-013.pdf},
    doi = {10.4137/BCBCr.s32791},
    keywords = {HER2, apoptosis, autophagy, breast cancer, lapatinib, resistance, trastuzumab}
}

@article{Kroemer2010,
    title = {{Autophagy and the Integrated Stress Response}},
    year = {2010},
    journal = {Molecular Cell},
    author = {Kroemer, Guido and Mari{\~{n}}o, Guillermo and Levine, Beth},
    number = {2},
    pages = {280--293},
    volume = {40},
    isbn = {1097-4164 (Electronic){\textbackslash}n1097-2765 (Linking)},
    doi = {10.1016/j.molcel.2010.09.023},
    issn = {10972765},
    pmid = {20965422}
}

@article{Akt2014,
    title = {{Autophagy Signaling}},
    year = {2014},
    author = {Akt, Pik-i},
    pages = {2014},
    pmid = {1000345201}
}

@article{Vallejos2010,
    title = {{Breast Cancer Classification According to Immunohistochemistry Markers: Subtypes and Association With Clinicopathologic Variables in a Peruvian Hospital Database}},
    year = {2010},
    journal = {Clinical Breast Cancer},
    author = {Vallejos, Carlos S. and G{\'{o}}mez, Henry L. and Cruz, Wilder R. and Pinto, Joseph A. and Dyer, Richard R. and Velarde, Ra√∫l and Suazo, Juan F. and Neciosup, Silvia P. and Le{\'{o}}n, Mauricio and de la Cruz, Miguel A. and Vigil, Carlos E.},
    number = {4},
    pages = {294--300},
    volume = {10},
    publisher = {Elsevier Inc.},
    url = {http://dx.doi.org/10.3816/CBC.2010.n.038},
    isbn = {1938-0666 (Electronic){\textbackslash}r1526-8209 (Linking)},
    doi = {10.3816/CBC.2010.n.038},
    issn = {15268209},
    pmid = {20705562},
    keywords = {Estrogen receptor, HER2, Molecular profiling, Progesterone receptor, estrogen receptor, her2, molecular profiling, progesterone receptor}
}

@article{Dai2015,
    title = {{Breast cancer intrinsic subtype classification, clinical use and future trends.}},
    year = {2015},
    journal = {American journal of cancer research},
    author = {Dai, Xiaofeng and Li, Ting and Bai, Zhonghu and Yang, Yankun and Liu, Xiuxia and Zhan, Jinling and Shi, Bozhi},
    number = {10},
    pages = {2929--43},
    volume = {5},
    url = {www.ajcr.us http://www.pubmedcentral.nih.gov/articlerender.fcgi?artid=4656721&tool=pmcentrez&rendertype=abstract},
    isbn = {2156-6976},
    issn = {2156-6976},
    pmid = {26693050},
    keywords = {breast cancer, classification, clini -, gene expression profiling, heterogeneity, intrinsic subtype, signature}
}

@article{Ferlay2015,
    title = {{Cancer incidence and mortality worldwide: sources, methods and major patterns in GLOBOCAN 2012.}},
    year = {2015},
    journal = {Int J Cancer},
    author = {Ferlay, Jacques and Soerjomataram I, I and Dikshit, R and Eser, S and Mathers, C and Rebelo, M and Parkin, D M and Forman D, D and Bray, F},
    number = {5},
    pages = {359--386},
    volume = {136},
    url = {http://www.ncbi.nlm.nih.gov/pubmed/25220842},
    isbn = {0950-9232 (Print)},
    doi = {10.1002/ijc.29210},
    issn = {1097-0215},
    pmid = {25220842},
    arxivId = {arXiv:1011.1669v3},
    keywords = {cancer, global estimates, globocan, incidence, mortality}
}

@article{Schnitt2010,
    title = {{Classification and prognosis of invasive breast cancer: from morphology to molecular taxonomy}},
    year = {2010},
    journal = {Modern Pathology},
    author = {Schnitt, Stuart J},
    number = {S2},
    pages = {S60-S64},
    volume = {23},
    publisher = {Nature Publishing Group},
    url = {http://www.nature.com/doifinder/10.1038/modpathol.2010.33},
    isbn = {1530-0285 (Electronic){\textbackslash}r0893-3952 (Linking)},
    doi = {10.1038/modpathol.2010.33},
    issn = {0893-3952},
    pmid = {20436504},
    keywords = {a variety of clinical, and pathological factors are, assess prognosis and determine, breast cancer, cancer in order to, classification, gene expression profiling, molecular, patients with breast, prognosis, routinely used to categorize}
}

@article{Chakrabarti2016,
    title = {{De novo Transcriptome Assembly and Dynamic Spatial Gene Expression Analysis in Red Clover}},
    year = {2016},
    journal = {The Plant Genome},
    author = {Chakrabarti, Manohar and Dinkins, Randy D. and Hunt, Arthur G.},
    number = {2},
    pages = {0},
    volume = {9},
    url = {https://dl.sciencesocieties.org/publications/tpg/abstracts/9/2/plantgenome2015.06.0048},
    doi = {10.3835/plantgenome2015.06.0048},
    issn = {1940-3372}
}

@article{Pradhan2017,
    title = {{Dissecting the brown adipogenic regulatory network using integrative genomics}},
    year = {2017},
    journal = {Scientific Reports},
    author = {Pradhan, Rachana N. and Bues, Johannes J. and Gardeux, Vincent and Schwalie, Petra C. and Alpern, Daniel and Chen, Wanze and Russeil, Julie and Raghav, Sunil K. and Deplancke, Bart},
    number = {January},
    pages = {42130},
    volume = {7},
    publisher = {Nature Publishing Group},
    url = {http://www.nature.com/articles/srep42130},
    doi = {10.1038/srep42130},
    issn = {2045-2322}
}

@article{Robinson2010,
    title = {{edgeR vingette: differential expression analysis of digital gene expression data}},
    year = {2010},
    author = {Robinson, M and McCarthy, D and Chen, Y and Smyth, GK}
}

@article{Abada2014,
    title = {{Getting ready for building: signaling and autophagosome biogenesis.}},
    year = {2014},
    journal = {EMBO reports},
    author = {Abada, Adi and Elazar, Zvulun},
    number = {8},
    pages = {839--852},
    volume = {15},
    url = {http://embor.embopress.org/content/15/8/839.abstract},
    isbn = {1469-3178 (Electronic){\textbackslash}r1469-221X (Linking)},
    doi = {10.15252/embr.201439076},
    issn = {1469-3178},
    pmid = {25027988},
    keywords = {15, 15252, 2014, 201439076, 839, 852, accepted 17 june 2014, atgs, autophagosome biogenesis, autophagy, doi 10, embo reports, embr, mtor, published online 15 july, received 21 may 2014, revised 17 june, signaling}
}

@article{Feng2015,
    title = {{How to control self-digestion : and post-translational regulation of autophagy}},
    year = {2015},
    journal = {Trends in Cell Biology},
    author = {Feng, Yuchen and Yao, Zhiyuan and Klionsky, Daniel J},
    number = {6},
    pages = {1--10},
    volume = {25},
    url = {http://dx.doi.org/10.1016/j.tcb.2015.02.002},
    doi = {10.1016/j.tcb.2015.02.002},
    issn = {0962-8924},
    keywords = {lysosome, phagophore, stress, vacuole, yeast}
}

@article{Dundar2015,
    title = {{Introduction to differential gene expression analysis using RNA-seq}},
    year = {2015},
    journal = {Cornell Workshops},
    author = {Dundar, Friederike and Skrabanek, Luce and Zumbo, Paul},
    pages = {1--67}
}

@article{YaserS.Abu-MostataMalikMagdon-IsmailHsuan-TienLin2012,
    title = {{Learning from Data}},
    year = {2012},
    author = {{Yaser S. Abu-Mostata; Malik Magdon-Ismail; Hsuan-Tien Lin}},
    pages = {215},
    isbn = {1600490069}
}

@article{Zhang2016,
    title = {{Long intergenic non-coding RNA expression signature in human breast cancer}},
    year = {2016},
    journal = {Scientific Reports},
    author = {Zhang, Yanfeng and Wagner, Erin K. and Guo, Xingyi and May, Isaac and Cai, Qiuyin and Zheng, Wei and He, Chunyan and Long, Jirong},
    number = {1},
    pages = {37821},
    volume = {6},
    publisher = {Nature Publishing Group},
    url = {http://www.nature.com/articles/srep37821},
    doi = {10.1038/srep37821},
    issn = {2045-2322},
    pmid = {27897201}
}

@phdthesis{Futschik2003,
    title = {{Methods for Knowledge Discovery in Microarray Data}},
    year = {2003},
    author = {Futschik, Matthias Erwin},
    pages = {79--98},
    url = {http://w3.ualg.pt/~mfutschik/PhD},
    school = {University of Otago, Dunedin New Zealand}
}

@article{Sandhu2010,
    title = {{Microarray-Based Gene Expression Profiling for Molecular Classification of Breast Cancer and Identification of New Targets for Therapy}},
    year = {2010},
    journal = {Laboratory Medicine},
    author = {Sandhu, Rupninder and Parker, Joel S. and Jones, Wendell D. and Livasy, Chad A. and Coleman, William B.},
    number = {6},
    pages = {364--372},
    volume = {41},
    url = {https://academic.oup.com/labmed/article-lookup/doi/10.1309/LMLIK0VIE3CJK0WD},
    isbn = {0007-5027{\textbackslash}r1943-7730},
    doi = {10.1309/LMLIK0VIE3CJK0WD},
    issn = {0007-5027},
    keywords = {ap breast, molecular diagnostics}
}

@article{Jansson2012,
    title = {{MicroRNA and cancer}},
    year = {2012},
    journal = {Molecular Oncology},
    author = {Jansson, Martin D. and Lund, Anders H.},
    number = {6},
    pages = {590--610},
    volume = {6},
    publisher = {Elsevier B.V},
    url = {http://dx.doi.org/10.1016/j.molonc.2012.09.006},
    isbn = {1224801091},
    doi = {10.1016/j.molonc.2012.09.006},
    issn = {15747891},
    pmid = {20422339},
    arxivId = {arXiv:1011.1669v3},
    keywords = {Cancer, MicroRNA, Non-coding RNA, Therapy}
}

@article{Brenton2005,
    title = {{Molecular classification and molecular forecasting of breast cancer: Ready for clinical application?}},
    year = {2005},
    journal = {Journal of Clinical Oncology},
    author = {Brenton, James D. and Carey, Lisa A. and Ahmed, Ashour and Caldas, Carlos},
    number = {29},
    pages = {7350--7360},
    volume = {23},
    isbn = {0732-183X (Print){\textbackslash}r0732-183X (Linking)},
    doi = {10.1200/JCO.2005.03.3845},
    issn = {0732183X},
    pmid = {16145060}
}

@incollection{Vidal2017,
    title = {{Molecular Classification of Breast Cancer}},
    year = {2017},
    booktitle = {Management of Breast Diseases},
    author = {Vidal, Maria and Par{\'{e}}, Laia and Prat, Aleix},
    chapter = {Molecular },
    pages = {2003--219},
    publisher = {Springer International Publishing},
    url = {http://download.springer.com/static/pdf/235/chp%253A10.1007%252F978-3-319-46356-8_12.pdf?originUrl=http%3A%2F%2Flink.springer.com%2Fchapter%2F10.1007%2F978-3-319-46356-8_12&token2=exp=1493979785~acl=%2Fstatic%2Fpdf%2F235%2Fchp%25253A10.1007%25252F978-3-31},
    isbn = {978-3-319-46356-8},
    doi = {10.1007/978-3-319-46356-8{\_}12}
}

@article{Jung2010a,
    title = {{MTOR regulation of autophagy}},
    year = {2010},
    journal = {FEBS Letters},
    author = {Jung, Chang Hwa and Ro, Seung Hyun and Cao, Jing and Otto, Neil Michael and Kim, Do Hyung},
    number = {7},
    pages = {1287--1295},
    volume = {584},
    publisher = {Federation of European Biochemical Societies},
    url = {http://dx.doi.org/10.1016/j.febslet.2010.01.017},
    isbn = {1873-3468 (Electronic){\textbackslash}r0014-5793 (Linking)},
    doi = {10.1016/j.febslet.2010.01.017},
    issn = {00145793},
    pmid = {20083114},
    arxivId = {NIHMS150003},
    keywords = {Autophagy-related gene 1, Autophagy-related gene 13, Mammalian target of rapamycin, UNC-51-like kinase 1, UNC-51-like kinase 2}
}

@article{He2009,
    title = {{Regulation Mechanisms and Signaling Pathways of Autophagy}},
    year = {2009},
    journal = {Annual Review of Genetics},
    author = {He, Congcong and Klionsky, Daniel J.},
    number = {1},
    pages = {67--93},
    volume = {43},
    url = {http://www.annualreviews.org/doi/10.1146/annurev-genet-102808-114910},
    isbn = {1545-2948 (Electronic){\textbackslash}r0066-4197 (Linking)},
    doi = {10.1146/annurev-genet-102808-114910},
    issn = {0066-4197},
    pmid = {19653858},
    keywords = {atg proteins, lysosome, pathogen, stress, target of rapamycin}
}

@article{Barchinger2016,
    title = {{Regulation of gene expression in Shewanella oneidensis MR-1 during electron acceptor limitation and bacterial nanowire formation}},
    year = {2016},
    journal = {Applied and Environmental Microbiology},
    author = {Barchinger, Sarah E. and Pirbadian, Sahand and Sambles, Christine and Baker, Carol S. and Leung, Kar Man and Burroughs, Nigel J. and El-Naggar, Mohamed Y. and Golbeck, John H.},
    number = {17},
    pages = {5428--5443},
    volume = {82},
    doi = {10.1128/AEM.01615-16},
    issn = {10985336},
    pmid = {27342561}
}

@article{Larsson2016,
    title = {{Scientific Background Discoveries of Mechanisms for Autophagy}},
    year = {2016},
    journal = {Https://Www.Nobelprize.Org/Nobel{\_}Prizes/Medicine/Laureates/2016/Advanced-Medicineprize2016.Pdf},
    author = {Larsson, Nils-Goran and Masucci, Maria G. and Karl{\'{e}}n, Mattias},
    pages = {1--7}
}

@article{Blows2010,
    title = {{Subtyping of breast cancer by immunohistochemistry to investigate a relationship between subtype and short and long term survival: A collaborative analysis of data for 10,159 cases from 12 studies}},
    year = {2010},
    journal = {PLoS Medicine},
    author = {Blows, Fiona M. and Driver, Kristy E. and Schmidt, Marjanka K. and Broeks, Annegien and van Leeuwen, Flora E. and Wesseling, Jelle and Cheang, Maggie C. and Gelmon, Karen and Nielsen, Torsten O. and Blomqvist, Carl and Heikkila, P??ivi and Heikkinen, Tuomas and Nevanlinna, Heli and Akslen, Lars A. and Begin, Louis R. and Foulkes, William D. and Couch, Fergus J. and Wang, Xianshu and Cafourek, Vicky and Olson, Janet E. and Baglietto, Laura and Giles, Graham G. and Severi, Gianluca and McLean, Catriona A. and Southey, Melissa C. and Rakha, Emad and Green, Andrew R. and Ellis, Ian O. and Sherman, Mark E. and Lissowska, Jolanta and Anderson, William F. and Cox, Angela and Cross, Simon S. and Reed, Malcolm W R and Provenzano, Elena and Dawson, Sarah Jane and Dunning, Alison M. and Humphreys, Manjeet and Easton, Douglas F. and Garc??a-Closas, Montserrat and Caldas, Carlos and Pharoah, Paul D. and Huntsman, David},
    number = {5},
    volume = {7},
    url = {https://www.ncbi.nlm.nih.gov/pmc/articles/PMC2876119/pdf/pmed.1000279.pdf},
    isbn = {1549-1676 (Electronic){\textbackslash}r1549-1277 (Linking)},
    doi = {10.1371/journal.pmed.1000279},
    issn = {15491277},
    pmid = {20520800},
    arxivId = {e1000279}
}

@article{Leek2010,
    title = {{Tackling the widespread and critical impact of batch effects in high-throughput data}},
    year = {2010},
    journal = {Nature Publishing Group},
    author = {Leek, Jeffrey T and Scharpf, Robert B and Corrada Bravo, H√©ctor and Simcha, David and Langmead, Benjamin and Evan Johnson, W and Geman, Donald and Baggerly, Keith and Irizarry, Rafael A},
    number = {8},
    pages = {101--113},
    volume = {11},
    publisher = {Allen {\&} Unwin},
    url = {https://www.nature.com/nrg/journal/v11/n10/pdf/nrg2825.pdf},
    doi = {10.1038/nrg2825}
}

@article{Colaprico2016,
    title = {{TCGAbiolinks: An R/Bioconductor package for integrative analysis of TCGA data}},
    year = {2016},
    journal = {Nucleic Acids Research},
    author = {Colaprico, Antonio and Silva, Tiago C. and Olsen, Catharina and Garofano, Luciano and Cava, Claudia and Garolini, Davide and Sabedot, Thais S. and Malta, Tathiane M. and Pagnotta, Stefano M. and Castiglioni, Isabella and Ceccarelli, Michele and Bontempi, Gianluca and Noushmehr, Houtan},
    number = {8},
    pages = {e71},
    volume = {44},
    isbn = {1362-4962 (Electronic){\textbackslash}r0305-1048 (Linking)},
    doi = {10.1093/nar/gkv1507},
    issn = {13624962},
    pmid = {26704973}
}

@article{Blake2013,
    title = {{Ten Quick Tips for Using the Gene Ontology}},
    year = {2013},
    journal = {PLoS Computational Biology},
    author = {Blake, Judith A.},
    number = {11},
    volume = {9},
    isbn = {1553-7358 (Electronic)},
    doi = {10.1371/journal.pcbi.1003343},
    issn = {1553734X},
    pmid = {24244145}
}

@article{Weigelt2010,
    title = {{The contribution of gene expression profiling to breast cancer classification, prognostication and prediction: a retrospective of the last decade}},
    year = {2010},
    journal = {The Journal of pathology},
    author = {Weigelt, Britta and Baehner, Frederick and Jorge, Reis-Filho},
    number = {September},
    pages = {114--125},
    volume = {220},
    isbn = {1096-9896 (Electronic){\textbackslash}r0022-3417 (Linking)},
    doi = {10.1002/path},
    issn = {1096-9896},
    pmid = {19927301},
    arxivId = {NIHMS150003},
    keywords = {antibody, immunohistochemistry, protein, proteome, translational research}
}

@article{Hastie2009,
    title = {{The Elements of Statistical Learning}},
    year = {2009},
    journal = {Elements},
    author = {Hastie, Trevor and Tibshirani, Robert and Friedman, Jerome},
    pages = {337--387},
    volume = {1},
    url = {http://www.springerlink.com/index/10.1007/b94608},
    isbn = {9780387848570},
    doi = {10.1007/b94608},
    issn = {03436993},
    pmid = {15512507},
    arxivId = {1010.3003}
}

@article{Zarzynska2014,
    title = {{The importance of autophagy regulation in breast cancer development and treatment.}},
    year = {2014},
    journal = {BioMed research international},
    author = {Zarzynska, Joanna Magdalena and Magdalena, Joanna},
    pages = {710345},
    volume = {2014},
    publisher = {Hindawi Publishing Corporation},
    url = {http://www.ncbi.nlm.nih.gov/pubmed/25317422 http://www.pubmedcentral.nih.gov/articlerender.fcgi?artid=PMC4182068},
    doi = {10.1155/2014/710345},
    issn = {2314-6141},
    pmid = {25317422}
}

@article{White2015,
    title = {{the role for autophagy in cancer (White, 2015).pdf}},
    year = {2015},
    journal = {Journal of Clinical Investigation},
    author = {White, Eileen},
    number = {1},
    pages = {42--46},
    volume = {125},
    url = {http://www.jci.org/articles/view/73941%5Cnpapers3://publication/doi/10.1172/jci73941},
    doi = {10.1172/JCI73941.Autophagy},
    issn = {1558-8238},
    pmid = {25654549}
}

@article{DeLeeuw2016,
    title = {{The statistical properties of gene-set analysis}},
    year = {2016},
    journal = {Nature Reviews Genetics},
    author = {de Leeuw, Christiaan A. and Neale, Benjamin M. and Heskes, Tom and Posthuma, Danielle},
    number = {6},
    pages = {353--364},
    volume = {17},
    publisher = {Nature Publishing Group},
    url = {http://www.nature.com/doifinder/10.1038/nrg.2016.29},
    isbn = {1471-0064 (Electronic){\textbackslash}r1471-0056 (Linking)},
    doi = {10.1038/nrg.2016.29},
    issn = {1471-0056},
    pmid = {27070863}
}

@article{Fullgrabe2016,
    title = {{Transcriptional regulation of mammalian autophagy at a glance}},
    year = {2016},
    journal = {Journal of Cell Science},
    author = {F{\"{u}}llgrabe, Jens and Ghislat, Ghita and Cho, Dong-Hyung and Rubinsztein, David C.},
    number = {16},
    pages = {3059--3066},
    volume = {129},
    url = {http://jcs.biologists.org/lookup/doi/10.1242/jcs.188920},
    isbn = {1471-2105 (Electronic){\textbackslash}n1471-2105 (Linking)},
    doi = {10.1242/jcs.188920},
    issn = {0021-9533},
    pmid = {27528206},
    keywords = {autophagy, lysosome, transcription}
}

@article{Anania2016,
    title = {{Uncovering a Dual Regulatory Role for Caspases During Endoplasmic Reticulum Stress-induced Cell Death}},
    year = {2016},
    journal = {Molecular {\&} Cellular Proteomics},
    author = {Anania, Veronica G. and Yu, Kebing and Gnad, Florian and Pferdehirt, Rebecca R. and Li, Han and Ma, Taylur P. and Jeon, Diana and Fortelny, Nikolaus and Forrest, William and Ashkenazi, Avi and Overall, Christopher M. and Lill, Jennie R.},
    number = {7},
    pages = {2293--2307},
    volume = {15},
    url = {http://www.mcponline.org/lookup/doi/10.1074/mcp.M115.055376},
    doi = {10.1074/mcp.M115.055376},
    issn = {1535-9476},
    pmid = {27125827}
}

@article{Law2014,
    title = {{voom: precision weights unlock linear model analysis tools for RNA-seq read counts}},
    year = {2014},
    journal = {Genome Biology},
    author = {Law, Charity W. and Chen, Yunshun and Shi, Wei and Smyth, Gordon K.},
    pages = {R29},
    volume = {15},
    url = {http://dx.doi.org/10.1186/gb-2014-15-2-r29%5Cnhttp://genomebiology.biomedcentral.com/articles/10.1186/gb-2014-15-2-r29%5Cnhttp://genomebiology.biomedcentral.com/track/pdf/10.1186/gb-2014-15-2-r29?site=genomebiology.biomedcentral.com},
    isbn = {1465-6906},
    doi = {10.1186/gb-2014-15-2-r29},
    issn = {1474-760X},
    pmid = {24485249}
}

@article{GatzaACancer,
    title = {{A pathway-based classification of human breast cancer}},
    author = {Gatza, Michael L and Lucas, Joseph E and Barry, William T and Kim, Jong Wook and Wang, Quanli and Crawford, Matthew D and Datto, Michael B and Kelley, Michael and Mathey-Prevot, Bernard and Potti, Anil and Nevins, Joseph R},
    doi = {10.1073/pnas.0912708107}
}

@article{RobinsonAData,
    title = {{A scaling normalization method for differential expression analysis of RNA-seq data}},
    author = {Robinson, Mark D and Oshlack, Alicia},
    url = {https://genomebiology.biomedcentral.com/track/pdf/10.1186/gb-2010-11-3-r25?site=genomebiology.biomedcentral.com}
}

@article{Schwammle2010AAnalysis,
    title = {{A simple and fast method to determine the parameters for fuzzy c?means cluster analysis}},
    year = {2010},
    journal = {Bioinformatics},
    author = {Schwammle, Veit and Jensen, Ole N√∏rregaard},
    number = {22},
    month = {11},
    pages = {2841--2848},
    volume = {26},
    publisher = {John Wiley {\&} Sons, Inc., New York},
    url = {https://academic.oup.com/bioinformatics/article-lookup/doi/10.1093/bioinformatics/btq534},
    doi = {10.1093/bioinformatics/btq534}
}

@article{Barry2008AData,
    title = {{A statistical framework for testing functional categories in microarray data}},
    year = {2008},
    journal = {The Annals of Applied Statistics},
    author = {Barry, William T. and Nobel, Andrew B. and Wright, Fred A.},
    number = {1},
    month = {3},
    pages = {286--315},
    volume = {2},
    url = {http://projecteuclid.org/euclid.aoas/1206367822},
    doi = {10.1214/07-AOAS146},
    issn = {1932-6157}
}

@article{Conesa2016AAnalysis,
    title = {{A survey of best practices for RNA-seq data analysis}},
    year = {2016},
    journal = {Genome Biology},
    author = {Conesa, Ana and Madrigal, Pedro and Tarazona, Sonia and Gomez-Cabrero, David and Cervera, Alejandra and McPherson, Andrew and Szcze{\'{s}}niak, Micha≈Ç Wojciech and Gaffney, Daniel J. and Elo, Laura L. and Zhang, Xuegong and Mortazavi, Ali},
    number = {1},
    month = {12},
    pages = {13},
    volume = {17},
    url = {http://genomebiology.com/2016/17/1/13},
    doi = {10.1186/s13059-016-0881-8},
    issn = {1474-760X}
}

@article{ConesaAAnalysis,
    title = {{A survey of best practices for RNA-seq data analysis}},
    author = {Conesa, Ana and Madrigal, Pedro and Tarazona, Sonia and Gomez-Cabrero, David and Cervera, Alejandra and Mcpherson, Andrew and Szcze{\'{s}}niak, Wojciech and Gaffney, Daniel J and Elo, Laura L and Zhang, Xuegong and Mortazavi, Ali},
    url = {http://download.springer.com/static/pdf/187/art%253A10.1186%252Fs13059-016-0881-8.pdf?originUrl=http%3A%2F%2Fgenomebiology.biomedcentral.com%2Farticle%2F10.1186%2Fs13059-016-0881-8&token2=exp=1491299720~acl=%2Fstatic%2Fpdf%2F187%2Fart%25253A10.1186%25252Fs13059-016-0881-8.pdf*~hmac=4ca786cf61b8da8e2a4b8f6f0aa28ef1a458f95c02c226ec4865ea0f8323b2e4},
    doi = {10.1186/s13059-016-0881-8}
}

@misc{WebpageAJCCStaging,
    title = {{AJCC - What is Cancer Staging?}},
    author = {{Webpage}},
    url = {https://cancerstaging.org/references-tools/Pages/What-is-Cancer-Staging.aspx}
}

@article{Markowetz2017AllBiology,
    title = {{All biology is computational biology}},
    year = {2017},
    journal = {PLOS Biology},
    author = {Markowetz, Florian and Birney, E},
    number = {3},
    month = {3},
    pages = {e2002050},
    volume = {15},
    publisher = {The University of Chicago Press},
    url = {http://dx.plos.org/10.1371/journal.pbio.2002050},
    doi = {10.1371/journal.pbio.2002050},
    issn = {1545-7885}
}

@article{RahmanAlternativeResults,
    title = {{Alternative preprocessing of RNA-Sequencing data in The Cancer Genome Atlas leads to improved analysis results}},
    author = {Rahman, Mumtahena and Jackson, Laurie K and Johnson, W Evan and Li, Dean Y and Bild, Andrea H and Piccolo, Stephen R},
    doi = {10.1093/bioinformatics/btv377}
}

@article{KimAMPKUlk1,
    title = {{AMPK and mTOR regulate autophagy through direct phosphorylation of Ulk1}},
    author = {Kim, Joungmok and Kundu, Mondira and Viollet, Benoit and Guan, Kun-Liang},
    url = {https://www.nature.com/ncb/journal/v13/n2/pdf/ncb2152.pdf},
    doi = {10.1038/ncb2152}
}

@article{DeJongeAnR,
    title = {{An introduction to data cleaning with R}},
    author = {De Jonge, Edwin and Van Der Loo, Mark},
    url = {https://cran.r-project.org/doc/contrib/de_Jonge+van_der_Loo-Introduction_to_data_cleaning_with_R.pdf}
}

@article{Villa-Vialaneix-AnMining,
    title = {{An introduction to network inference and mining}},
    author = {Villa-Vialaneix-, Nathalie},
    url = {http://www.nathalievilla.org}
}

@article{Girke2013AnalysisR/Bioconductor,
    title = {{Analysis of RNA-Seq Data with R/Bioconductor}},
    year = {2013},
    author = {Girke, Thomas},
    url = {http://faculty.ucr.edu/~tgirke/HTML_Presentations/Manuals/Workshop_Dec_12_16_2013/Rrnaseq/Rrnaseq.pdf}
}

@article{Goeman2007AnalyzingIssues,
    title = {{Analyzing gene expression data in terms of gene sets: methodological issues}},
    year = {2007},
    author = {Goeman, Jelle J and B{\"{u}} Hlmann, Peter},
    number = {8},
    pages = {980--987},
    volume = {23},
    url = {https://oup.silverchair-cdn.com/oup/backfile/Content_public/Journal/bioinformatics/23/8/10.1093/bioinformatics/btm051/2/btm051.pdf?Expires=1500119949&Signature=TcaYRtFMrnR2MGXAAbgKPgIisG3whRGKfTxZZ3h5~tWF9nXiBvbsGKiQYk5SvP3a8RG-SBVcErfamEYco1zY0CODEDOFwGuaQyAF9mk0XuOvZPrTaHrMqkHm1rsxtmfQ9~3PFtZqTCIxYo96RRdJujTb~mY4vNratF-BrpYQrgM2nH~Olid~NNDofm1fjmJtP9UPnbKJlTfU4BIfTVoPV4DjTQOOtt7U3IWHcpjzZeIXURPzZZEL2txwstk~iPVaAohWu5M5WgME07~TKtWdZv2bsS7RXOqyWBE3OdjwttiQN0nkSx2kA8hYlCy0Efm32fNwXDfPfaHeEeJDLEEpBg__&Key-Pair-Id=APKAIUCZBIA4LVPAVW3Q},
    doi = {10.1093/bioinformatics/btm051}
}

@article{Jain2013AutophagyTherapy.,
    title = {{Autophagy in breast cancer and its implications for therapy.}},
    year = {2013},
    journal = {American journal of cancer research},
    author = {Jain, Kirti and Paranandi, Krishna S and Sridharan, Savitha and Basu, Alakananda},
    number = {3},
    pages = {251--65},
    volume = {3},
    publisher = {e-Century Publishing Corporation},
    url = {http://www.ncbi.nlm.nih.gov/pubmed/23841025 http://www.pubmedcentral.nih.gov/articlerender.fcgi?artid=PMC3696532},
    pmid = {23841025},
    keywords = {Autophagy, ER stress, apoptosis, breast cancer, cancer therapy, hypoxia, metabolism, metastasis, transformation, tumor microenvironment}
}

@article{Mowers2017AutophagyMetastasis,
    title = {{Autophagy in cancer metastasis}},
    year = {2017},
    journal = {Oncogene},
    author = {Mowers, Ee and Sharifi, Mn and Macleod, Kf},
    number = {10},
    pages = {1619--1630},
    volume = {36333},
    url = {https://www.nature.com/onc/journal/v36/n12/pdf/onc2016333a.pdf},
    doi = {10.1038/onc.2016.333}
}

@article{Martinet2009AutophagyPotential,
    title = {{Autophagy in disease: a double-edged sword with therapeutic potential}},
    year = {2009},
    journal = {Clinical Science},
    author = {Martinet, Wim and Agostinis, Patrizia and Vanhoecke, Barbara and Dewaele, Michael and De Meyer, Guido R Y},
    pages = {697--712},
    volume = {116},
    url = {http://www.clinsci.org/content/ppclinsci/116/9/697.full.pdf},
    doi = {10.1042/CS20080508}
}

@article{MathewAutophagyStronger,
    title = {{Autophagy, Stress, and Cancer Metabolism: What Doesn't Kill You Makes You Stronger}},
    author = {Mathew, R and White, E},
    url = {http://symposium.cshlp.org/content/76/389.full.pdf},
    doi = {10.1101/sqb.2012.76.011015}
}

@article{Yorimitsu2005Autophagy:Self-eating,
    title = {{Autophagy: molecular machinery for self-eating}},
    year = {2005},
    journal = {Cell Death and Differentiation},
    author = {Yorimitsu, T and Klionsky, Dj},
    pages = {1542--1552},
    volume = {12},
    url = {https://www.nature.com/cdd/journal/v12/n2s/pdf/4401765a.pdf},
    doi = {10.1038/sj.cdd.4401765},
    keywords = {ATG gene, Ape1, Atg, Cvt, PAS, aminopeptidase I, autophagy, autophagy-related, cytoplasm to vacuole targeting, lysosome, pexophagy, pre-autopha-gosomal structure, pro-tein degradation, vacuole Abbreviations}
}

@article{Dozmorov2016BatchEffect,
    title = {{Batch effect}},
    year = {2016},
    author = {Dozmorov, Mikhail},
    url = {https://mdozmorov.github.io/BIOS567/assets/presentation_diffexpression/batch.pdf}
}

@article{Gnad2014BioinformaticsDisease,
    title = {{Bioinformatics analysis of thousands of TCGA tumors to determine the involvement of epigenetic regulators in human cancer From VarI-SIG 2014: Identification and annotation of genetic variants in the context of structure, function and disease}},
    year = {2014},
    author = {Gnad, Florian and Doll, Sophia and Manning, Gerard and Arnott, David and Zhang, Zemin},
    url = {http://download.springer.com/static/pdf/896/art%253A10.1186%252F1471-2164-16-S8-S5.pdf?originUrl=http%3A%2F%2Fbmcgenomics.biomedcentral.com%2Farticle%2F10.1186%2F1471-2164-16-S8-S5&token2=exp=1495813100~acl=%2Fstatic%2Fpdf%2F896%2Fart%25253A10.1186%25252F},
    doi = {10.1186/1471-2164-16-S8-S5}
}

@article{Nazarov2016BioingtomaticsTranscriptomics,
    title = {{Bioingtomatics methods in Transcriptomics}},
    year = {2016},
    author = {Nazarov, Dr P},
    url = {http://edu.sablab.net/transcript/Transcriptomics2016_DataAnalysis(Nazarov).pdf}
}

@article{BRCAPdf,
    title = {{BRCA staging/subtyping pdf}}
}

@misc{BreastCTCA,
    title = {{Breast Cancer Stages: What are the Stages? | CTCA}},
    url = {http://www.cancercenter.com/breast-cancer/stages/}
}

@article{BreastStaging,
    title = {{Breast cancer Staging}}
}

@misc{2015BreastInternational,
    title = {{Breast cancer statistics | World Cancer Research Fund International}},
    year = {2015},
    url = {http://www.wcrf.org/int/cancer-facts-figures/data-specific-cancers/breast-cancer-statistics}
}

@article{WuCamera:Correlation,
    title = {{Camera: a competitive gene set test accounting for inter-gene correlation}},
    author = {Wu, Di and Smyth, Gordon K},
    url = {https://www.ncbi.nlm.nih.gov/pmc/articles/PMC3458527/pdf/gks461.pdf},
    doi = {10.1093/nar/gks461}
}

@article{LeekCapturingAnalysis,
    title = {{Capturing Heterogeneity in Gene Expression Studies by Surrogate Variable Analysis}},
    author = {Leek, Jeffrey T and Storey, John D},
    url = {http://journals.plos.org/plosgenetics/article/file?id=10.1371/journal.pgen.0030161&type=printable}
}

@article{Moarii2015ChangesCancer,
    title = {{Changes in correlation between promoter methylation and gene expression in cancer}},
    year = {2015},
    journal = {BMC Genomics},
    author = {Moarii, Matahi and Boeva, Valentina and Vert, Jean-Philippe and Reyal, Fabien},
    volume = {16},
    doi = {10.1186/s12864-015-1994-2},
    keywords = {Cancer, CpG Island methylator phenotype Background, Epigenetic regulation}
}

@article{OttgerClusteringData,
    title = {{Clustering of Biological Datasets in the Era of Big Data}},
    author = {Ottger, Richard},
    url = {http://creativecommons.org/licenses/by-nc-nd/3.0/ http://imada.sdu.dk},
    doi = {10.2390/biecoll-jib-2016-300}
}

@article{ClusteringData,
    title = {{Clustering of Gene Expression Data}},
    url = {http://w3.ualg.pt/~mfutschik/PhD/soft.pdf}
}

@article{Metsalu2015ClustVis:Heatmap,
    title = {{ClustVis: a web tool for visualizing clustering of multivariate data using Principal Component Analysis and heatmap}},
    year = {2015},
    journal = {Nucleic Acids Research},
    author = {Metsalu, Tauno and Vilo, Jaak},
    volume = {43},
    url = {https://oup.silverchair-cdn.com/oup/backfile/Content_public/Journal/nar/43/W1/10.1093_nar_gkv468/2/gkv468.pdf?Expires=1491647363&Signature=NYJ5xmr5oz6ecb5hECjRLofy7dkJWABV-A1DaWURdx-bQZaBUtbCAzZh013Lma9~wmITxKBpO94zqkzIHttrYybsLj3ut9sRGJAUIJuc1bhqjZsYd3hj},
    doi = {10.1093/nar/gkv468}
}

@article{Alhamdoosh2017CombiningAnalyses,
    title = {{Combining multiple tools outperforms individual methods in gene set enrichment analyses}},
    year = {2017},
    journal = {Bioinformatics},
    author = {Alhamdoosh, Monther and Ng, Milica and Wilson, Nicholas J and Sheridan, Julie M and Huynh, Huy and Wilson, Michael J and Ritchie, Matthew E},
    number = {3},
    pages = {414--424},
    volume = {33},
    url = {http://www.bioconductor. http://www.bioconductor.org/packages/EGSEAdata/.},
    doi = {10.1093/bioinformatics/btw623}
}

@article{TCGAComprehensiveTumors,
    title = {{Comprehensive molecular portraits of human breast tumors}},
    author = {{TCGA}},
    doi = {10.1038/nature11412}
}

@article{CancerGenomeAtlasNetwork2012ComprehensiveTumours,
    title = {{Comprehensive molecular portraits of human breast tumours}},
    year = {2012},
    author = {Cancer Genome Atlas Network, The},
    url = {http://www.nature.com/nature/journal/v490/n7418/pdf/nature11412.pdf},
    doi = {10.1038/nature11412}
}

@article{CancerGenomeAtlasNetwork2012ComprehensiveTumoursb,
    title = {{Comprehensive molecular portraits of human breast tumours}},
    year = {2012},
    author = {Cancer Genome Atlas Network, The},
    url = {https://www.nature.com/nature/journal/v490/n7418/pdf/nature11412.pdf},
    doi = {10.1038/nature11412}
}

@article{Ciriello2015ComprehensiveCancer,
    title = {{Comprehensive Molecular Portraits of Invasive Lobular Breast Cancer}},
    year = {2015},
    journal = {CELL},
    author = {Ciriello, Giovanni and Gatza, Michael L and Beck, Andrew H and King, Tari A and Wilkerson, Matthew D and Rhie, Suhn K and Pastore, Alessandro and Zhang, Hailei and Mclellan, Michael and Yau, Christina and Kandoth, Cyriac and Bowlby, Reanne and Shen, Hui and Hayat, Sikander and Fieldhouse, Robert and Lester, Susan C and Tse, Gary M K and Factor, Rachel E and Collins, Laura C and Allison, Kimberly H and Chen, Yunn-Yi and Cherniack, Andrew D and Robertson, Gordon and Benz, Christopher and Sander, Chris and Laird, Peter W and Hoadley, Katherine A and Perou, Charles M},
    pages = {506--519},
    volume = {163},
    url = {http://dx.doi.org/10.1016/j.cell.2015.09.033},
    doi = {10.1016/j.cell.2015.09.033}
}

@techreport{DEAKarolinska,
    title = {{DEA presentation from Karolinska}},
    url = {https://scilifelab.github.io/courses/rnaseq/1604/slides/Differentiall_Expression_Analysis_Johan_Reimegard.pdf}
}

@article{AndersDifferentialPackage,
    title = {{Differential expression of RNA-Seq data at the gene level ‚Äì the DESeq package}},
    author = {Anders, Simon and Huber, Wolfgang},
    url = {https://www.bioconductor.org/packages/3.3/bioc/vignettes/DESeq/inst/doc/DESeq.pdf}
}

@incollection{Kulis2010DNACancer,
    title = {{DNA Methylation and Cancer}},
    year = {2010},
    author = {Kulis, Marta and Esteller, Manel},
    pages = {27--56},
    url = {http://linkinghub.elsevier.com/retrieve/pii/B9780123808660600022},
    doi = {10.1016/B978-0-12-380866-0.60002-2}
}

@article{Baylin2005DNACancer,
    title = {{DNA methylation and gene silencing in cancer}},
    year = {2005},
    journal = {Nature Clinical Practice Oncology},
    author = {Baylin, Stephen B},
    month = {12},
    pages = {S4-S11},
    volume = {2},
    url = {http://www.nature.com/doifinder/10.1038/ncponc0354},
    doi = {10.1038/ncponc0354},
    issn = {1743-4254}
}

@article{Clark2002DNAParty,
    title = {{DNA methylation and gene silencing in cancer: which is the guilty party?}},
    year = {2002},
    journal = {Oncogene},
    author = {Clark, Susan J and Melki, John},
    pages = {5380--5387},
    volume = {21},
    doi = {10.1038/sj.onc},
    keywords = {DNA methylation, cancer Introduction, gene expression, silen-cing, trigger}
}

@article{Spies2015DynamicsAnalysis,
    title = {{Dynamics in Transcriptomics: Advancements in RNA-seq Time Course and Downstream Analysis}},
    year = {2015},
    journal = {CSBJ},
    author = {Spies, Daniel and Ciaudo, Constance},
    pages = {469--477},
    volume = {13},
    doi = {10.1016/j.csbj.2015.08.004},
    keywords = {Bioinformatics, Clustering, Differential gene expression, RNA-seq, Time course analysis, Transcriptomics}
}

@article{Robinson2010EdgeR:Data,
    title = {{edgeR: a Bioconductor package for differential expression analysis of digital gene expression data}},
    year = {2010},
    journal = {BIOINFORMATICS APPLICATIONS NOTE},
    author = {Robinson, Mark D and Mccarthy, Davis J and Smyth, Gordon K},
    number = {1},
    pages = {139--14010},
    volume = {26},
    doi = {10.1093/bioinformatics/btp616}
}

@article{Schurch2015EvaluationExperiment,
    title = {{Evaluation of tools for differential gene expression analysis by RNA-seq on a 48 biological replicate experiment}},
    year = {2015},
    author = {Schurch, Nicholas J. and Schofield, Pieta and Gierli{\'{n}}ski, Marek and Cole, Christian and Sherstnev, Alexander and Singh, Vijender and Wrobel, Nicola and Gharbi, Karim and Simpson, Gordon G. and Owen-Hughes, Tom and Blaxter, Mark and Barton, Geoffrey J.},
    month = {5},
    url = {http://arxiv.org/abs/1505.02017 http://dx.doi.org/10.1261/rna.053959.115},
    doi = {10.1261/rna.053959.115},
    arxivId = {1505.02017}
}

@article{Chen2016FromPipeline,
    title = {{From reads to genes to pathways: differential expression analysis of RNA-Seq experiments using Rsubread and the edgeR quasi-likelihood pipeline}},
    year = {2016},
    journal = {F1000Research},
    author = {Chen, Yunshun and Lun, Aaron T. L. and Smyth, Gordon K. and Chen, Yunshun and Lun, Aaron T. L. and Smyth, Gordon K.},
    month = {8},
    pages = {1438},
    volume = {5},
    url = {http://f1000research.com/articles/5-1438/v2},
    doi = {10.12688/f1000research.8987.2},
    issn = {2046-1402}
}

@article{OshlackFromResults,
    title = {{From RNA-seq reads to dierential expression results}},
    author = {Oshlack, Alicia and Robinson, Mark D and Young, Matthew D},
    url = {http://download.springer.com/static/pdf/843/art%253A10.1186%252Fgb-2010-11-12-220.pdf?originUrl=http%3A%2F%2Fgenomebiology.biomedcentral.com%2Farticle%2F10.1186%2Fgb-2010-11-12-220&token2=exp=1495372082~acl=%2Fstatic%2Fpdf%2F843%2Fart%25253A10.1186%25252F}
}

@article{Full-text,
    title = {{full-text}}
}

@article{Reimand2016G:ProfileraUpdate,
    title = {{g:Profiler‚Äì‚Äìa web server for functional interpretation of gene lists (2016 update)}},
    year = {2016},
    journal = {Nucleic Acids Research},
    author = {Reimand, Uri and Arak, Tambet and Adler, Priit and Kolberg, Liis and Reisberg, Sulev and Peterson, Hedi and Vilo, Jaak},
    url = {http://biit.cs.ut.ee/gprofiler/doc/papers/gprofiler_nar_2016.pdf},
    doi = {10.1093/nar/gkw199}
}

@article{RiReimandG:ProfileraUpdate,
    title = {{g:Profiler‚Äîa web server for functional interpretation of gene lists (2011 update)}},
    author = {Ri Reimand, J√º and Arak, Tambet and Vilo, Jaak},
    url = {https://oup.silverchair-cdn.com/oup/backfile/Content_public/Journal/nar/39/suppl_2/10.1093_nar_gkr378/2/gkr378.pdf?Expires=1494879824&Signature=OzkFddNDHUKQNirkhZpRaMSeBzkZlIkqtmPAgfn63MZ6bJfB8L36k2eThFIr6hF7mZnFL3gVpkCzWl5sIWqCYM~zlY8KJtUAeaspHlL9e3JKJXRhwFpFLFUhy3nuJD8AM~6gnNg6Y16~WkMKG9FAx3ANsf~H7jGw-t9srOGxMn0kXzuJSJzP1fhSup1yPOgbRN9DlrykJ5XV0RCfbj1qJXPl~wfFe6u60QC8eu4KrIEDo8HkH1LaS-u0T60CPMr4qxgTJXZL~dYP2bm2r60QFKB2KSk6tbqSiEMSiO-chbxUN~-ZRvKzsuZzZ~U4qD8l-4R6JkcAn-kQdGnCifxm9g__&Key-Pair-Id=APKAIUCZBIA4LVPAVW3Q},
    doi = {10.1093/nar/gkr378}
}

@article{RiReimand2007G:ProfileraExperiments,
    title = {{g:Profiler‚Äîa web-based toolset for functional profiling of gene lists from large-scale experiments}},
    year = {2007},
    journal = {Nucleic Acids Research Web Server},
    author = {Ri Reimand, J√º and Kull, Meelis and Peterson, Hedi and Hansen, Jaanus and Vilo, Jaak},
    pages = {193--200},
    volume = {35},
    url = {https://www.ncbi.nlm.nih.gov/pmc/articles/PMC1933153/pdf/gkm226.pdf},
    doi = {10.1093/nar/gkm226}
}

@article{Srlie2001GeneImplications,
    title = {{Gene expression patterns of breast carcinomas distinguish tumor subclasses with clinical implications}},
    year = {2001},
    author = {S{\o}rlie, Therese and Perou, Charles M and Tibshirani, Robert and Aas, Turid and Geisler, Stephanie and Johnsen, Hilde and Hastie, Trevor and Eisen, Michael B and Van De Rijn, Matt and Jeffrey, Stefanie S and Thorsen, Thor and Quist, Hanne and Matese, John C and Brown, Patrick O and Botstein, David and L{\o}nning, Eystein and B{\o}rresen-Dale, Anne-Lise}
}

@article{Srlie2001GeneImplicationsb,
    title = {{Gene expression patterns of breast carcinomas distinguish tumor subclasses with clinical implications}},
    year = {2001},
    author = {S{\o}rlie, Therese and Perou, Charles M and Tibshirani, Robert and Aas, Turid and Geisler, Stephanie and Johnsen, Hilde and Hastie, Trevor and Eisen, Michael B and Van De Rijn, Matt and Jeffrey, Stefanie S and Thorsen, Thor and Quist, Hanne and Matese, John C and Brown, Patrick O and Botstein, David and L{\o}nning, Eystein and B{\o}rresen-Dale, Anne-Lise},
    url = {https://www.ncbi.nlm.nih.gov/pmc/articles/PMC58566/pdf/pq010869.pdf}
}

@article{Bell2010GeneAnalysis,
    title = {{Gene List Enrichment Analysis}},
    year = {2010},
    author = {Bell, George},
    url = {http://jura.wi.mit.edu/bio/education/hot_topics/enrichment/Gene_list_enrichment_Mar10.pdf}
}

@article{GeneSlides,
    title = {{Gene set testing slides}},
    url = {http://combine-australia.github.io/RNAseq-R/slides/03-Gene_set_testing.pdf}
}

@article{EspinosaArranzGeneUses,
    title = {{Gene Signatures in Breast Cancer: Current and Future Uses}},
    author = {Espinosa Arranz, Enrique and {\'{A}}ngel, Juan and Vara, Fresno and G{\'{a}}mez-Pozo, Angelo and Zamora, Pilar},
    doi = {10.1593/tlo.12244}
}

@article{BennettGoSTAG:Set,
    title = {{goSTAG: gene ontology subtrees to tag and annotate genes within a set}},
    author = {Bennett, Brian D and Bushel, Pierre R},
    url = {http://download.springer.com/static/pdf/66/art%253A10.1186%252Fs13029-017-0066-1.pdf?originUrl=http%3A%2F%2Fscfbm.biomedcentral.com%2Farticle%2F10.1186%2Fs13029-017-0066-1&token2=exp=1495366130~acl=%2Fstatic%2Fpdf%2F66%2Fart%25253A10.1186%25252Fs13029-017-0066-1.pdf*~hmac=426513d5e9c5f56467e6a6b8b65f3ea3cb3cf2b4c80f9dd51567abbd82e779c8},
    doi = {10.1186/s13029-017-0066-1},
    keywords = {Biological themes, Clustering, Functional enrichment, GO, Gene Ontology, Gene expression, Over-representation analysis, Pathway analysis Background, Subtree}
}

@article{Dozmorov2016HierarchicalClustering,
    title = {{Hierarchical Clustering}},
    year = {2016},
    author = {Dozmorov, Mikhail},
    url = {https://mdozmorov.github.io/BIOS567/assets/presentation_Clustering/Clustering.pdf}
}

@article{ZhaoHighCancer,
    title = {{High expression of LC3B is associated with progression and poor outcome in triple-negative breast cancer}},
    author = {Zhao, Hong and Yang, Maopeng and Zhao, Jiaxin and Wang, Jincai and Zhang, Yue and Zhang, Qingyuan},
    url = {https://link.springer.com/content/pdf/10.1007%2Fs12032-013-0475-1.pdf},
    doi = {10.1007/s12032-013-0475-1},
    keywords = {Autophagy {\'{A}}, LC3B {\'{A}}, Prognosis {\'{A}}, Progression {\'{A}}, Triple-negative breast cancer}
}

@article{Davies2017HRDetectSignatures,
    title = {{HRDetect is a predictor of BRCA1 and BRCA2 deficiency based on mutational signatures}},
    year = {2017},
    journal = {Nature Medicine},
    author = {Davies, Helen and Glodzik, Dominik and Morganella, Sandro and Yates, Lucy R and Staaf, Johan and Zou, Xueqing and Ramakrishna, Manasa and Martin, Sancha and Boyault, Sandrine and Sieuwerts, Anieta M and Simpson, Peter T and King, Tari A and Raine, Keiran and Eyfjord, Jorunn E and Kong, Gu and Borg, √Öke and Birney, Ewan and Stunnenberg, Hendrik G and van de Vijver, Marc J and B{\o}rresen-Dale, Anne-Lise and Martens, John W M and Span, Paul N and Lakhani, Sunil R and Vincent-Salomon, Anne and Sotiriou, Christos and Tutt, Andrew and Thompson, Alastair M and Van Laere, Steven and Richardson, Andrea L and Viari, Alain and Campbell, Peter J and Stratton, Michael R and Nik-Zainal, Serena},
    month = {3},
    url = {http://www.nature.com/doifinder/10.1038/nm.4292},
    doi = {10.1038/nm.4292},
    issn = {1078-8956}
}

@techreport{Futschik2017IntroductionInterface,
    title = {{Introduction to Mfuzz package and its graphical user interface}},
    year = {2017},
    author = {Futschik, Matthias E},
    pages = {1--14}
}

@article{MaggieC.U.CheangStephenK.ChiaDavidVoducDongxiaGaoSamuelLeungKi67Cancer,
    title = {{Ki67 Index, HER2 Status, and Prognosis of Patients With Luminal B Breast Cancer}},
    author = {Maggie C. U. Cheang , Stephen K. Chia , David Voduc , Dongxia Gao , Samuel Leung, Jacqueline Snider and Mark Watson , Sherri Davies , Philip S. Bernard , Joel S. Parker , Charles M. Perou, Matthew J. Ellis and {Torsten O. Nielsen}}
}

@article{Ritchie2015LimmaStudies,
    title = {{limma powers differential expression analyses for RNA-sequencing and microarray studies}},
    year = {2015},
    journal = {Nucleic Acids Research},
    author = {Ritchie, Matthew E and Phipson, Belinda and Wu, Di and Hu, Yifang and Law, Charity W and Shi, Wei and Smyth, Gordon K},
    number = {7},
    volume = {43},
    doi = {10.1093/nar/gkv007}
}

@article{SmythLimma:Guide,
    title = {{limma: Linear Models for Microarray and RNA-Seq Data User's Guide}},
    author = {Smyth, Gordon K and Ritchie, Matthew and Thorne, Natalie and Wettenhall, James and Shi, Wei and Hu, Yifang}
}

@article{SmythLimma:Data,
    title = {{Limma: Linear Models for Microarray Data}},
    author = {Smyth, Gordon K},
    url = {http://www.statsci.org/smyth/pubs/limma-biocbook-reprint.pdf}
}

@article{OsmanbeyogluLinkingCancer,
    title = {{Linking signaling pathways to transcriptional programs in breast cancer}},
    author = {Osmanbeyoglu, Hatice U and Pelossof, Raphael and Bromberg, Jacqueline F and Leslie, Christina S},
    doi = {10.1101/gr.173039.114}
}

@article{Villa-Vialaneix-Machine-TP,
    title = {{Machine Learning -TP}},
    author = {Villa-Vialaneix-, Nathalie},
    url = {http://www.nathalievilla.org/doc/pdf/TP-ml.pdf}
}

@article{Villa-Vialaneix-MachineSlides,
    title = {{Machine Learning Slides}},
    author = {Villa-Vialaneix-, Nathalie},
    url = {http://www.nathalievilla.org}
}

@article{Nygaard2016MethodsAnalyses,
    title = {{Methods that remove batch effects while retaining group differences may lead to exaggerated confidence in downstream analyses}},
    year = {2016},
    journal = {Biostatistics},
    author = {Nygaard, Vegard and R{\o}dland, Einar Andreas and Hovig, Eivind},
    number = {1},
    pages = {29--39},
    volume = {17},
    url = {https://oup.silverchair-cdn.com/oup/backfile/Content_public/Journal/biostatistics/17/1/10.1093_biostatistics_kxv027/3/kxv027.pdf?Expires=1494183978&Signature=PagwqYa5dW2DKEhxwX3-sItH-h0zkvTZfdAQUQHUsBp0wD3ocR7zwkdSuKi2Phwm0f1horz~J5NKHWF8G6Sf4oY9GIljMVRLQz3E8davaZBRSxXdLIYRYTwzNn5U8waFvZYxr9Bo8Wj4d4iIQBff~k-W4zr2Yuc-e-BZl3MYD4SKnxBzr01rfPg9aNY8BeN1cEbEJ~5EIAD6nYfeq93Epus~GMFaiYOyMsMpoSdhhCvawOHXXtgDe4owxbGxoHeEorqfVhxEz1zDKc1mI8VfT5eKoX7G5Ze48f5OCstynFC1LrQD-Z8zPU7VRIw8z9l8Eebr3IFVebS62llMLBMqAA__&Key-Pair-Id=APKAIUCZBIA4LVPAVW3Q},
    doi = {10.1093/biostatistics/kxv027},
    keywords = {Batch effects, Data normalization, Microarrays, Reproducible research}
}

@misc{Futschik2007MfuzzHomepage,
    title = {{Mfuzz tool homepage}},
    year = {2007},
    author = {Futschik, Matthias},
    url = {http://w3.ualg.pt/~mfutschik/software/R/Mfuzz/index.html}
}

@article{Kumar2007Mfuzz:Data,
    title = {{Mfuzz: A software package for soft clustering of microarray data}},
    year = {2007},
    journal = {Bioinformation},
    author = {Kumar, Lokesh and Futschik, Matthias},
    number = {1},
    pages = {5--7},
    volume = {2},
    url = {https://www.ncbi.nlm.nih.gov/pmc/articles/PMC2139991/pdf/97320630002005.pdf},
    issn = {0973-2063},
    keywords = {gene expression, soft clustering, software}
}

@article{CherieBlenkironLeonardDGoldsteinMicroRNASubtype,
    title = {{MicroRNA expression profiling of human breast cancer identifies new markers of tumor subtype}},
    author = {Cherie Blenkiron¬§*‚Ä†‚Ä°{\S}, Leonard D Goldstein¬§*‚Ä†{\P}, Natalie P Thorne*‚Ä†¬∂ and Inmaculada Spiteri*‚Ä†, Suet-Feung Chin*‚Ä†, Mark J Dunning*‚Ä† and Nuno L Barbosa-Morais*‚Ä†, Andrew E Teschendorff*‚Ä†, Andrew R Green¬• and Ian O Ellis¬•, Simon Tavar{\'{e}}*‚Ä†{\P}, Carlos Caldas*‚Ä† and Eric A Miska‚Ä°¬ß}
}

@article{Iorio2005MicroRNACancer,
    title = {{MicroRNA Gene Expression Deregulation in Human Breast Cancer}},
    year = {2005},
    journal = {Cancer Res},
    author = {Iorio, Marilena V and Ferracin, Manuela and Liu, Chang-Gong and Veronese, Angelo and Spizzo, Riccardo and Sabbioni, Silvia and Magri, Eros and Pedriali, Massimo and Fabbri, Muller and Campiglio, Manuela and M{\'{e}}nard, Sylvie and Palazzo, Juan P and Rosenberg, Anne and Musiani, Piero and Volinia, Stefano and Nenci, Italo and Calin, George A and Querzoli, Patrizia and Negrini, Massimo and Croce, Carlo M},
    number = {16},
    pages = {7065--70},
    volume = {65},
    doi = {10.1158/0008-5472.CAN-05-1783}
}

@article{Vrba2013MiRNACancer,
    title = {{miRNA Gene Promoters Are Frequent Targets of Aberrant DNA Methylation in Human Breast Cancer}},
    year = {2013},
    journal = {PLoS ONE},
    author = {Vrba, Lukas and Mu{\~{n}} oz-Rodr{\'{i}}guez, Jos√© L and Stampfer, Martha R and Futscher, Bernard W and Maynard, Fenton L},
    number = {1},
    volume = {8},
    doi = {10.1371/journal.pone.0054398}
}

@article{Nazio2013MTORTRAF6,
    title = {{mTOR inhibits autophagy by controlling ULK1 ubiquitylation, self-association and function through AMBRA1 and TRAF6}},
    year = {2013},
    journal = {Nature Cell Biology},
    author = {Nazio, Francesca and Strappazzon, Flavie and Antonioli, Manuela and Bielli, Pamela and Cianfanelli, Valentina and Bordi, Matteo and Gretzmeier, Christine and Dengjel, Joern and Piacentini, Mauro and Fimia, Gian Maria and Cecconi, Francesco},
    volume = {15},
    url = {https://www.nature.com/ncb/journal/v15/n4/pdf/ncb2708.pdf},
    doi = {10.1038/ncb2708}
}

@article{Zoncu2011MTOR:Ageing,
    title = {{mTOR: from growth signal integration to cancer, diabetes and ageing}},
    year = {2011},
    author = {Zoncu, Roberto and Efeyan, Alejo and Sabatini, David M.},
    url = {https://www.nature.com/nrm/journal/v12/n1/pdf/nrm3025.pdf}
}

@article{MartinaMTORC1TFEB,
    title = {{MTORC1 functions as a transcriptional regulator of autophagy by preventing nuclear transport of TFEB}},
    author = {Martina, Jose A and Chen, Yong and Gucek, Marjan and Puertollano, Rosa},
    url = {http://www.tandfonline.com/doi/pdf/10.4161/auto.19653?needAccess=true},
    doi = {10.4161/auto.19653},
    keywords = {14-3-3/YWHA, MTOR, MTORC1, TFEB, autophagy, lysosomes, transcription}
}

@misc{NCICommons,
    title = {{NCI Genomic Data Commons}},
    url = {https://gdc.cancer.gov/}
}

@article{Huber2015OrchestratingBioconductor,
    title = {{Orchestrating high-throughput genomic analysis with Bioconductor}},
    year = {2015},
    journal = {Nature Methods},
    author = {Huber, Wolfgang and Carey, Vincent J and Gentleman, Robert and Anders, Simon and Carlson, Marc and Carvalho, Benilton S and Bravo, Hector Corrada and Davis, Sean and Gatto, Laurent and Girke, Thomas and Gottardo, Raphael and Hahne, Florian and Hansen, Kasper D and Irizarry, Rafael A and Lawrence, Michael and Love, Michael I and MacDonald, James and Obenchain, Valerie and Ole{\'{s}}, Andrzej K and Pag{\`{e}}s, Herv√© and Reyes, Alejandro and Shannon, Paul and Smyth, Gordon K and Tenenbaum, Dan and Waldron, Levi and Morgan, Martin},
    number = {2},
    month = {1},
    pages = {115--121},
    volume = {12},
    url = {http://www.nature.com/doifinder/10.1038/nmeth.3252},
    doi = {10.1038/nmeth.3252},
    issn = {1548-7091}
}

@article{Dozmorov2016PathwayMethods,
    title = {{Pathway and Functional Enrichment Analysis Methods}},
    year = {2016},
    author = {Dozmorov, Mikhail},
    url = {https://github.com/mdozmorov/presentations}
}

@misc{PathwayGuide.,
    title = {{Pathway Commons, a web resource for biological pathway data. Fisher's Exact Test - Guide.}},
    url = {https://pathwaycommons.github.io/guide/primers/statistics/fishers_exact_test/}
}

@book{Bezdek1981PatternAlgorithms,
    title = {{Pattern Recognition with Fuzzy Objective Function Algorithms}},
    year = {1981},
    author = {Bezdek, James C.},
    publisher = {Springer US},
    url = {http://link.springer.com/10.1007/978-1-4757-0450-1},
    address = {Boston, MA},
    isbn = {978-1-4757-0452-5},
    doi = {10.1007/978-1-4757-0450-1}
}

@article{GnantPredictingAlone,
    title = {{Predicting distant recurrence in receptor-positive breast cancer patients with limited clinicopathological risk: using the PAM50 Risk of Recurrence score in 1478 postmenopausal patients of the ABCSG-8 trial treated with adjuvant endocrine therapy alone}},
    author = {Gnant, M and Filipits, M and Greil, R and Stoeger, H and Rudas, M and Bago-Horvath, Z and Mlineritsch, B and Kwasny, W and Knauer, M and Singer, C and Jakesz, R and Dubsky, P and Fitzal, F and Bartsch, R and Steger, G and Balic, M and Ressler, S},
    url = {https://oup.silverchair-cdn.com/oup/backfile/Content_public/Journal/annonc/25/2/10.1093_annonc_mdt494/2/mdt494.pdf?Expires=1494072924&Signature=UVERRNWLaflH9A1StR8lUJTSe3dE3IjtdsdQ5kpxnDwyYkLXUdmLVWeBpiHiw7B6ZMo8dZdb0-upNLt1pAGPsfaklgsaUeYxR920LlI2KayNmlObA2ubyUu3sHqHzQB99buMgSPKSF4wpcjGhR4Ac2Vr8-Q3CmtySOBeCB7bju6GGWzeeb50S8igVJJ4TFblkxHxP7veLlpm7pDUhE2fAfVuSnFbCprCGch2tCpw8Z1PO5T1Zbculf5KJQeYtFZTKrXrXQw33pblaERmPyMIqnAe0ej1HX~xvBALnkoIN9m9-UIk09Tk968CppnF62Pm36Im7YYAobzt2mr4Tsn8DA__&Key-Pair-Id=APKAIUCZBIA4LVPAVW3Q},
    doi = {10.1093/annonc/mdt494}
}

@article{Srlie2003RepeatedSets,
    title = {{Repeated observation of breast tumor subtypes in independent gene expression data sets}},
    year = {2003},
    author = {S{\o}rlie, Therese and Tibshirani, Robert and Parker, Joel and Hastie, Trevor and Marron, J S and Nobel, Andrew and Deng, Shibing and Johnsen, Hilde and Pesich, Robert and Geisler, Stephanie and Demeter, Janos and Perou, Charles M and L{\o}nning, Per E and Brown, Patrick O and B{\o}rresen-Dale, Anne-Lise and Botstein, David}
}

@article{Srlie2003RepeatedSetsb,
    title = {{Repeated observation of breast tumor subtypes in independent gene expression data sets}},
    year = {2003},
    author = {S{\o}rlie, Therese and Tibshirani, Robert and Parker, Joel and Hastie, Trevor and Marron, J S and Nobel, Andrew and Deng, Shibing and Johnsen, Hilde and Pesich, Robert and Geisler, Stephanie and Demeter, Janos and Perou, Charles M and L{\o}nning, Per E and Brown, Patrick O and B{\o}rresen-Dale, Anne-Lise and Botstein, David},
    url = {http://www.pnas.org/content/100/14/8418.full.pdf}
}

@article{CharityW.LawMontherAlhamdooshShianSu2016RNA-seqEdgeR,
    title = {{RNA-seq analysis is easy as 1-2-3 with limma, Glimma and edgeR}},
    year = {2016},
    author = {Charity W. Law , Monther Alhamdoosh , Shian Su, Gordon K. Smyth and {Matthew E. Ritchie}},
    url = {https://www.ncbi.nlm.nih.gov/pmc/articles/PMC4937821/pdf/f1000research-5-10940.pdf}
}

@article{Luo2017RNA-SeqWorkflows,
    title = {{RNA-Seq Data Pathway and Gene-set Analysis Workflows}},
    year = {2017},
    author = {Luo, Weijun},
    url = {http://www.bioconductor.org/packages/release/bioc/vignettes/gage/inst/doc/RNA-seqWorkflow.pdf}
}

@article{Love2016RNA-SeqApproved,
    title = {{RNA-Seq workflow: gene-level exploratory analysis and differential expression [version 2; referees: 2 approved]}},
    year = {2016},
    journal = {F1000Research},
    author = {Love, Michael I and Anders, Simon and Kim, Vladislav and Huber, Wolfgang},
    number = {1070},
    volume = {4},
    url = {https://f1000researchdata.s3.amazonaws.com/manuscripts/9994/54602c98-5b2c-4d9d-9004-4e1f2c4e52c6_7035_-_michael_love_v2.pdf?doi=10.12688/f1000research.7035.2},
    doi = {10.12688/f1000research.7035.2}
}

@misc{RNAseqR,
    title = {{RNAseq analysis in R}},
    url = {http://combine-australia.github.io/RNAseq-R/}
}

@article{GonzalezStatisticalsolutions,
    title = {{Statistical analysis of RNA-Seq data (solutions)}},
    author = {Gonz{\'{a}}lez, Ignacio},
    url = {http://www.nathalievilla.org/doc/pdf/TP-rnaseq-answers.pdf}
}

@article{Gonzalez2014StatisticalPractical,
    title = {{Statistical analysis of RNA-Seq data Practical}},
    year = {2014},
    author = {Gonz{\'{a}}lez, Ignacio},
    url = {http://www.nathalievilla.org/doc/pdf/TP-rnaseq.pdf}
}

@article{GonzalezStatisticalTutorial,
    title = {{Statistical analysis of RNA-Seq data Tutorial}},
    author = {Gonz{\'{a}}lez, Ignacio},
    url = {http://www.nathalievilla.org/doc/pdf/tutorial-rnaseq.pdf}
}

@article{Gonzalez2014StatisticalTutorial,
    title = {{Statistical analysis of RNA-Seq data. Tutorial}},
    year = {2014},
    author = {Gonzalez, Ignacio},
    url = {http://www.nathalievilla.org/doc/pdf/tutorial-rnaseq.pdf}
}

@article{Blows2010SubtypingStudies,
    title = {{Subtyping of Breast Cancer by Immunohistochemistry to Investigate a Relationship between Subtype and Short and Long Term Survival: A Collaborative Analysis of Data for 10,159 Cases from 12 Studies}},
    year = {2010},
    author = {Blows, Fiona M and Driver, Kristy E and Schmidt, Marjanka K and Broeks, Annegien and Van Leeuwen, Flora E and Wesseling, Jelle and Cheang, Maggie C and Gelmon, Karen and Nielsen, Torsten O and Blomqvist, Carl and Ivi Heikkil{\"{a}}, P√§ and Heikkinen, Tuomas and Nevanlinna, Heli and Akslen, Lars A and B{\'{e}} Gin, Louis R and Foulkes, William D and Couch, Fergus J and Wang, Xianshu and Cafourek, Vicky and Olson, Janet E and Baglietto, Laura and Giles, Graham G and Severi, Gianluca and Mclean, Catriona A and Cross, Simon S and Reed, Malcolm W R and Provenzano, Elena and Dawson, Sarah-Jane and Dunning, Alison M and Humphreys, Manjeet and Easton, Douglas F and Garc{\'{i}}a-Closas, Montserrat and Caldas, Carlos and Pharoah, Paul D and Huntsman, David},
    number = {5},
    volume = {7}
}

@article{ParkerSupervisedSubtypes,
    title = {{Supervised Risk Predictor of Breast Cancer Based on Intrinsic Subtypes}},
    journal = {J Clin Oncol},
    author = {Parker, Joel S and Mullins, Michael and Cheang, Maggie C U and Leung, Samuel and Voduc, David and Vickery, Tammi and Davies, Sherri and Fauron, Christiane and He, Xiaping and Hu, Zhiyuan and Quackenbush, John F and Stijleman, Inge J and Palazzo, Juan and Marron, J S and Nobel, Andrew B and Mardis, Elaine and Nielsen, Torsten O and Ellis, Matthew J and Perou, Charles M and Bernard, Philip S},
    pages = {1160--1167},
    volume = {27},
    doi = {10.1200/JCO.2008.18.1370}
}

@article{Parker2009SupervisedSubtypes.,
    title = {{Supervised risk predictor of breast cancer based on intrinsic subtypes.}},
    year = {2009},
    journal = {Journal of clinical oncology : official journal of the American Society of Clinical Oncology},
    author = {Parker, Joel S and Mullins, Michael and Cheang, Maggie C U and Leung, Samuel and Voduc, David and Vickery, Tammi and Davies, Sherri and Fauron, Christiane and He, Xiaping and Hu, Zhiyuan and Quackenbush, John F and Stijleman, Inge J and Palazzo, Juan and Marron, J S and Nobel, Andrew B and Mardis, Elaine and Nielsen, Torsten O and Ellis, Matthew J and Perou, Charles M and Bernard, Philip S},
    number = {8},
    month = {3},
    pages = {1160--7},
    volume = {27},
    url = {http://ascopubs.org/doi/10.1200/JCO.2008.18.1370 http://www.ncbi.nlm.nih.gov/pubmed/19204204 http://www.pubmedcentral.nih.gov/articlerender.fcgi?artid=PMC2667820},
    doi = {10.1200/JCO.2008.18.1370},
    issn = {1527-7755},
    pmid = {19204204}
}

@article{Parker2009SupervisedSubtypes.b,
    title = {{Supervised risk predictor of breast cancer based on intrinsic subtypes.}},
    year = {2009},
    journal = {Journal of clinical oncology : official journal of the American Society of Clinical Oncology},
    author = {Parker, Joel S and Mullins, Michael and Cheang, Maggie C U and Leung, Samuel and Voduc, David and Vickery, Tammi and Davies, Sherri and Fauron, Christiane and He, Xiaping and Hu, Zhiyuan and Quackenbush, John F and Stijleman, Inge J and Palazzo, Juan and Marron, J S and Nobel, Andrew B and Mardis, Elaine and Nielsen, Torsten O and Ellis, Matthew J and Perou, Charles M and Bernard, Philip S},
    number = {8},
    month = {3},
    pages = {1160--7},
    volume = {27},
    url = {http://ascopubs.org/doi/10.1200/JCO.2008.18.1370 http://www.ncbi.nlm.nih.gov/pubmed/19204204 http://www.pubmedcentral.nih.gov/articlerender.fcgi?artid=PMC2667820},
    doi = {10.1200/JCO.2008.18.1370},
    issn = {1527-7755},
    pmid = {19204204}
}

@article{SupplementaryRef,
    title = {{Supplementary Materials Supplementary Table 1: Recommended methods for fixed gene set enrichment analysis. (A) Recommended methods: Method Algorithm Platform Data URL Ref}},
    url = {http://biit.cs.ut.ee/gprofiler},
    doi = {10.1038/nmeth|3440}
}

@article{WeiHuang2009SURVEYLists,
    title = {{SURVEY AND SUMMARY Bioinformatics enrichment tools: paths toward the comprehensive functional analysis of large gene lists}},
    year = {2009},
    journal = {Nucleic Acids Research},
    author = {Wei Huang, Da and Sherman, Brad T and Lempicki, Richard A},
    number = {1},
    pages = {1--13},
    volume = {37},
    url = {https://www.ncbi.nlm.nih.gov/pmc/articles/PMC2615629/pdf/gkn923.pdf},
    doi = {10.1093/nar/gkn923}
}

@article{BaileyTargetingTumors,
    title = {{Targeting the Metabolic Microenvironment of Tumors}},
    author = {Bailey, Kate M and Wojtkowiak, Jonathan W and Hashim, Arig Ibrahim and Gillies, Robert J},
    url = {https://www.ncbi.nlm.nih.gov/pmc/articles/PMC3796340/pdf/nihms499496.pdf},
    doi = {10.1016/B978-0-12-397927-8.00004-X},
    keywords = {Warburg Effect, tumor acidosis, tumor hypoxia, tumor metabolism, tumor microenvironment}
}

@article{UniversityofNorthCarolinaUNCCenterforBioinfromatics2013TCGAData,
    title = {{TCGA mRNA-seq Pipeline for UNC data}},
    year = {2013},
    author = {{University of North Carolina (UNC) Center for Bioinfromatics}},
    url = {https://webshare.bioinf.unc.edu/public/mRNAseq_TCGA/MapSplice_multithreads_12_07.tar.gz https://webshare.bioinf.unc.edu/public/mRNAseq_TCGA/MapSplice_multithreads_12_07.tar.gz https://webshare.bioinf.unc.edu/public/mRNAseq_TCGA/MapSplice_multithreads_12_07.tar.gz https://webshare.bioinf.unc.edu/public/mRNAseq_TCGA/MapSplice_multithreads_12_07.tar.gz https://webshare.bioinf.unc.edu/public/mRNAseq_TCGA/MapSplice_multithreads_12_07.tar.gz}
}

@article{PapaleoTCGAPackages,
    title = {{TCGA Workflow: Analyze cancer genomics and epigenomics data using Bioconductor packages}},
    author = {Papaleo, Elena and Silva, Tiago C and Colaprico, Antonio and Olsen, Catharina and D 'angelo, Fulvio and Bontempi, Gianluca and Ceccarelli, Michele and Noushmehr, Houtan and Chipseeker, Annotationhub and Pathview, Complexheatmap and Gaia, Elmer and Tcgabiolinks, Rtcgatoolbox}
}

@article{ListTenBiology,
    title = {{Ten Simple Rules for Developing Usable Software in Computational Biology}},
    author = {List, Markus and Ebert, Peter and Albrecht, Felipe},
    doi = {10.1371/journal.pcbi.1005265}
}

@article{KhatriTenChallenges,
    title = {{Ten Years of Pathway Analysis: Current Approaches and Outstanding Challenges}},
    author = {Khatri, Purvesh and Sirota, Marina and Butte, Atul J},
    url = {http://journals.plos.org/ploscompbiol/article/file?id=10.1371/journal.pcbi.1002375&type=printable},
    doi = {10.1371/journal.pcbi.1002375}
}

@article{KhatriTenChallengesb,
    title = {{Ten Years of Pathway Analysis: Current Approaches and Outstanding Challenges}},
    author = {Khatri, Purvesh and Sirota, Marina and Butte, Atul J},
    url = {http://journals.plos.org/ploscompbiol/article/file?id=10.1371/journal.pcbi.1002375&type=printable},
    doi = {10.1371/journal.pcbi.1002375}
}

@article{Tomczak2015TheKnowledge,
    title = {{The Cancer Genome Atlas (TCGA): an immeasurable source of knowledge}},
    year = {2015},
    journal = {Contemp Oncol (Pozn)},
    author = {Tomczak, Katarzyna and Czerwi{\'{n}}ska, Patrycja and Wiznerowicz, Maciej},
    number = {1A},
    pages = {68--77},
    volume = {19},
    url = {https://www.ncbi.nlm.nih.gov/pmc/articles/PMC4322527/pdf/WO-19-24047.pdf},
    doi = {10.5114/wo.2014.47136},
    keywords = {The Cancer Genome Atlas (TCGA), big data analysis, cancer genomics}
}

@misc{TheTCGA,
    title = {{The Cancer Genome Atlas - Cancer Genome - TCGA}},
    url = {https://cancergenome.nih.gov/}
}

@article{Weinstein2013TheProject,
    title = {{The Cancer Genome Atlas Pan-Cancer analysis project}},
    year = {2013},
    author = {Weinstein, John N and Collisson, Eric A and Mills, Gordon B and Mills Shaw, Kenna R and Ozenberger, Brad A and Ellrott, Kyle and Shmulevich, Ilya and Sander, Chris and Stuart, Joshua M},
    doi = {10.1038/ng.2764}
}

@article{TheGeneOntologyConsortium2008The2008,
    title = {{The Gene Ontology project in 2008}},
    year = {2008},
    journal = {Nucleic Acids Research},
    author = {{The Gene Ontology Consortium}},
    volume = {36},
    doi = {10.1093/nar/gkm883},
    keywords = {The Gene Ontology Consortium}
}

@article{CurtisTheSubgroups,
    title = {{The genomic and transcriptomic architecture of 2,000 breast tumours reveals novel subgroups}},
    author = {Curtis, Christina and Shah, Sohrab P and Chin, Suet-Feung and Turashvili, Gulisa and Rueda, Oscar M and Dunning, Mark J and Speed, Doug and Lynch, Andy G and Samarajiwa, Shamith and Yuan, Yinyin and Gr{\"{a}}f, Stefan and Ha, Gavin and Haffari, Gholamreza and Bashashati, Ali and Russell, Roslin and Mckinney, Steven and Group, Metabric and Langer{\o}d, Anita and Green, Andrew and Provenzano, Elena and Wishart, Gordon and Pinder, Sarah and Watson, Peter and Markowetz, Florian and Murphy, Leigh and Ellis, Ian and Purushotham, Arnie and B{\o}rresen-Dale, Anne-Lise and Brenton, James D and Tavar{\'{e}}, Simon and Caldas, Carlos and Aparicio, Samuel},
    doi = {10.1038/nature10983}
}

@article{Feng2013TheMacroautophagy,
    title = {{The machinery of macroautophagy}},
    year = {2013},
    journal = {Nature Publishing Group},
    author = {Feng, Yuchen and He, Ding and Yao, Zhiyuan and Klionsky, Daniel J},
    number = {24},
    pages = {24--4124},
    volume = {24},
    url = {www.nature.com/cr},
    doi = {10.1038/cr.2013.168},
    keywords = {autophagosome, autophagy, degradation, lysosome, phagophore, stress, vacuole}
}

@article{DebnathTheCancer,
    title = {{The Multifaceted Roles of Autophagy in Tumors‚ÄîImplications for Breast Cancer}},
    author = {Debnath, Jayanta},
    url = {http://download.springer.com/static/pdf/342/art%253A10.1007%252Fs10911-011-9223-3.pdf?originUrl=http%3A%2F%2Flink.springer.com%2Farticle%2F10.1007%2Fs10911-011-9223-3&token2=exp=1493986495~acl=%2Fstatic%2Fpdf%2F342%2Fart%25253A10.1007%25252Fs10911-011-9223-3.pdf%3ForiginUrl%3Dhttp%253A%252F%252Flink.springer.com%252Farticle%252F10.1007%252Fs10911-011-9223-3*~hmac=adabec502771b53861a9e0f282c44f284489e2901eb87fd839a8e3be65434c1a},
    doi = {10.1007/s10911-011-9223-3},
    keywords = {Anoikis, Apoptosis, Autophagy, Breast cancer, Genomic instability, Glycolysis, Hydroxychloroquine, Metabolism DCIS, Oxidative stress, Tumor dormancy}
}

@misc{The2016,
    title = {{The Nobel Prize in Physiology or Medicine 2016}},
    url = {http://www.nobelprize.org/nobel_prizes/medicine/laureates/2016/}
}

@article{WickhamRstudioTidyData,
    title = {{Tidy Data}},
    journal = {JSS Journal of Statistical Software MMMMMM YYYY},
    author = {Wickham Rstudio, Hadley},
    volume = {VV},
    url = {http://www.jstatsoft.org/},
    keywords = {R, data cleaning, data tidying, relational databases}
}

@article{TimeCancer,
    title = {{Time course analysis based on¬†gene expression profile and¬†identification of¬†target molecules for¬†colorectal cancer}},
    url = {http://download.springer.com/static/pdf/796/art%253A10.1186%252Fs12935-016-0296-3.pdf?originUrl=http%3A%2F%2Fcancerci.biomedcentral.com%2Farticle%2F10.1186%2Fs12935-016-0296-3&token2=exp=1495810985~acl=%2Fstatic%2Fpdf%2F796%2Fart%25253A10.1186%25252Fs1293}
}

@misc{TissueCommons,
    title = {{Tissue Source Site Codes | NCI Genomic Data Commons}},
    url = {https://gdc.cancer.gov/resources-tcga-users/tcga-code-tables/tissue-source-site-codes}
}

@article{GrossmanRobertL2016TowardRobert,
    title = {{Toward a Shared Vision for Cancer Genomic Data Robert}},
    year = {2016},
    journal = {New England Journal of Medicine},
    author = {{Grossman Robert L} and Heath, Allison P and Ferretti, Vincent and Varmus, Harold E and Lowy, Douglas R and Kibbe, Warren A and Staudt, Louis M},
    number = {12},
    pages = {1109--1112},
    volume = {375},
    url = {http://scholar.google.com/scholar?hl=en&btnG=Search&q=intitle:New+engla+nd+journal#0},
    isbn = {0028-4793},
    doi = {10.1056/NEJMp1002530},
    issn = {15334406},
    pmid = {20573919}
}

@article{Margariti2012XBP1S,
    title = {{XBP1 mRNA Splicing Triggers an Autophagic Response in Endothelial Cells through BECLIN-1 Transcriptional Activation * ‚ñ° S}},
    year = {2012},
    author = {Margariti, Andriana and Li, Hongling and Chen, Ting and Martin, Daniel and Vizcay-Barrena, Gema and Alam, Saydul and Karamariti, Eirini and Xiao, Qingzhong and Zampetaki, Anna and Zhang, Zhongyi and Wang, Wen and Jiang, Zhixin and Gao, Chan and Ma, Benyu and Chen, Ye-Guang and Cockerill, Gillian and Hu, Yanhua and Xu, Qingbo and Zeng, Lingfang},
    url = {http://www.jbc.org/content/288/2/859.full.pdf},
    doi = {10.1074/jbc.M112.412783}
}