@article{wang2010mapsplice,
  title={MapSplice: accurate mapping of RNA-seq reads for splice junction discovery},
  author={Wang, Kai and Singh, Darshan and Zeng, Zheng and Coleman, Stephen J and Huang, Yan and Savich, Gleb L and He, Xiaping and Mieczkowski, Piotr and Grimm, Sara A and Perou, Charles M and others},
  journal={Nucleic acids research},
  pages={gkq622},
  year={2010},
  publisher={Oxford Univ Press}
}
@article{li2011rsem,
  title={RSEM: accurate transcript quantification from RNA-Seq data with or without a reference genome},
  author={Li, Bo and Dewey, Colin N},
  journal={BMC bioinformatics},
  volume={12},
  number={1},
  pages={323},
  year={2011},
  publisher={BioMed Central}
}
@article{risso2011gc,
  title={GC-content normalization for RNA-Seq data},
  author={Risso, Davide and Schwartz, Katja and Sherlock, Gavin and Dudoit, Sandrine},
  journal={BMC bioinformatics},
  volume={12},
  number={1},
  pages={480},
  year={2011},
  publisher={BioMed Central}
}
@book{jolliffe2002principal,
  title={Principal component analysis},
  author={Jolliffe, Ian},
  year={2002},
  publisher={Wiley Online Library}
}
@article{kolde2012pheatmap,
  title={Pheatmap: pretty heatmaps},
  author={Kolde, Raivo},
  journal={R package version},
  volume={61},
  year={2012}
}
@book{ggplot2,
    author = {Hadley Wickham},
    title = {ggplot2: elegant graphics for data analysis},
    publisher = {Springer New York},
    year = {2009},
    isbn = {978-0-387-98140-6},
    url = {http://had.co.nz/ggplot2/book},
  }
@article{gdc2016,
    author = {Grossman, Robert L. and Heath, Allison P. and Ferretti, Vincent and Varmus, Harold E. and Lowy, Douglas R. and Kibbe, Warren A. and Staudt, Louis M.},
    title = {Toward a Shared Vision for Cancer Genomic Data},
    journal = {New England Journal of Medicine},
    volume = {375},
    number = {12},
    pages = {1109-1112},
    year = {2016},
    doi = {10.1056/NEJMp1607591},
    note ={PMID: 27653561},
    URL = {http://dx.doi.org/10.1056/NEJMp1607591},
    eprint = { http://dx.doi.org/10.1056/NEJMp1607591}
}
  
  